<record><leader>00000cas a22000007a 4500</leader><controlfield tag="001">22830374</controlfield><controlfield tag="008">901210d19uu19uunyuwr ne      0    0eng d</controlfield><datafield ind1=" " ind2=" " tag="010"><subfield code="a">sn 90066364 </subfield></datafield><datafield ind1=" " ind2=" " tag="040"><subfield code="a">NYS</subfield><subfield code="b">eng</subfield><subfield code="c">NYS</subfield><subfield code="d">OCLCQ</subfield></datafield><datafield ind1=" " ind2=" " tag="042"><subfield code="a">msc</subfield></datafield><datafield ind1="0" ind2="0" tag="245"><subfield code="a">Kingston Ulster press.</subfield></datafield><datafield ind1="3" ind2="0" tag="246"><subfield code="a">Kingston Ulster press and Saugerties post</subfield></datafield><datafield ind1=" " ind2=" " tag="260"><subfield code="a">Kingston, Ulster County, N.Y. :</subfield><subfield code="b">Greene &amp; Ulster Pub. Co.</subfield></datafield><datafield ind1=" " ind2=" " tag="300"><subfield code="a">v. :</subfield><subfield code="b">ill. ;</subfield><subfield code="c">56 cm.</subfield></datafield><datafield ind1=" " ind2=" " tag="310"><subfield code="a">Weekly</subfield></datafield><datafield ind1=" " ind2=" " tag="500"><subfield code="a">Published in conjunction with: Saugerties daily post, &lt;May 7&gt;-May 14, 1959, and with: Saugerties post, May 21-&lt;July 9, 1959&gt;, on Thursdays as: Kingston Ulster press and Saugerties post, with different volume numbering.</subfield></datafield><datafield ind1=" " ind2=" " tag="515"><subfield code="a">Issues for &lt;July 3, 1958-Mar. 26, 1959&gt; numbered: Vol. 17, no. 24-v. 18, no. 10.</subfield></datafield><datafield ind1=" " ind2=" " tag="588"><subfield code="a">Description based on: Vol. 75, no. 18 (May 10, 1956).</subfield></datafield><datafield ind1=" " ind2="4" tag="651"><subfield code="a">Kingston (N.Y.)</subfield><subfield code="v">Newspapers.</subfield></datafield><datafield ind1=" " ind2="4" tag="651"><subfield code="a">Ulster County (N.Y.)</subfield><subfield code="v">Newspapers.</subfield></datafield><datafield ind1=" " ind2=" " tag="752"><subfield code="a">United States</subfield><subfield code="b">New York</subfield><subfield code="c">Ulster</subfield><subfield code="d">Kingston.</subfield></datafield><datafield ind1="0" ind2="7" tag="785"><subfield code="t">Ulster County news and Kingston leader</subfield><subfield code="w">(DLC)sn 90066341</subfield><subfield code="w">(OCoLC)22755954</subfield></datafield><datafield ind1="0" ind2="7" tag="785"><subfield code="t">Kingstonian (Kingston, N.Y.)</subfield><subfield code="w">(DLC)sn 90066359</subfield><subfield code="w">(OCoLC)22840813</subfield></datafield><datafield ind1="1" ind2=" " tag="029"><subfield code="a">AU@</subfield><subfield code="b">000025866920</subfield></datafield></record>